@article{scikit-learn,
 title={Scikit-learn: Machine Learning in {P}ython},
 author={Pedregosa, F. and Varoquaux, G. and Gramfort, A. and Michel, V.
         and Thirion, B. and Grisel, O. and Blondel, M. and Prettenhofer, P.
         and Weiss, R. and Dubourg, V. and Vanderplas, J. and Passos, A. and
         Cournapeau, D. and Brucher, M. and Perrot, M. and Duchesnay, E.},
 journal={Journal of Machine Learning Research},
 volume={12},
 pages={2825--2830},
 year={2011}
}

@book{Linear_regression,
  author = {Trevor Hastie, Robert Tibshirani, Jerome Friedman},
  year = {1994},
  pages = {745},
  title = {The Elements of Statistical Learning},
  publisher = {Springer New York, NY},
  address = {Springer Science+Business Media, LLC, part of Springer Nature 2009},
  edition = {2},
  url = {https://doi.org/10.1007/978-0-387-84858-7}
}


@misc{Lecture_notes_Morten,
  author = {Morten Hjort Jensen},
  title = {Applied data analysis and machine learning},
  year = {2021},
  note = {Copyright 2021},
  url = {https://compphysics.github.io/MachineLearning/doc/LectureNotes/_build/html/intro.html#}
}













